@software{repogithub,
  author       = {Grigorev, Dmitry},
  title        = {Code repository},
  year         = 2022,
  publisher    = {Github},
  howpublished          = {\url{https://github.com/dmitry-grigorev/MultivarAnalysis/blob/master/Lab4/Lab4notebook.ipynb}}
}

@Book{Zivot01,
author = {Zivot, Eric and Wang, Jiahui},
year = {2001},
numpages = {1018},
pages = {120--121},
title = {Modeling Financial Time Series with S-Plus},
isbn = {978-0-387-27965-7},
doi = {10.1007/978-0-387-32348-0}
}


