@software{repogithub,
  author       = {Grigorev, Dmitry},
  title        = {Code repository},
  year         = 2022,
  publisher    = {Github},
  howpublished          = {\url{https://github.com/dmitry-grigorev/MultivarAnalysis/blob/master/Lab3/Lab3notebook.ipynb}}
}
@article{Marholm20,
author = {Marholm, Sigvald and Darian, Diako and Mortensen, Mikael and Marchand, Richard and Miloch, Wojciech},
year = {2020},
month = {07},
pages = {1-17},
title = {A Novel Method for Circuits of Perfect Electric Conductors in Unstructured Particle-in-Cell Plasma-Object Interaction Simulations},
volume = {48},
journal = {IEEE Transactions on Plasma Science},
doi = {10.1109/TPS.2020.3010561}
}
@software{bamt,
  title        = {BAMT - Bayesian Analytical and Modelling Toolkit},
  publisher    = {Github},
  howpublished          = {\url{https://github.com/ITMO-NSS-team/BAMT}}
}

@MISC{nist,
publisher = {National Institute of Standards and Technology},
title = {CHI SQUARE TWO SAMPLE TEST},
howpublished={\url{https://www.itl.nist.gov/div898/software/dataplot/refman1/auxillar/chi2samp.htm}}
}