@software{repogithub,
  author       = {Grigorev, Dmitry},
  title        = {Code repository},
  year         = 2022,
  publisher    = {Github},
  howpublished          = {\url{https://github.com/dmitry-grigorev/MultivarAnalysis/blob/master/Lab1/Lab2notebook.ipynb}}
}

@book{fox91,
title = {Regression Diagnostics},
author =  {Fox, J.},
year = {1991},
url =  {https://methods.sagepub.com/book/regression-diagnostics},
publisher = {SAGE Publications, Inc.},
doi = {10.4135/9781412985604}
}

@book{erciyes18,
author = {Erciyes, Kayhan},
title = {Guide to Graph Algorithms},
subtitle = {Sequential, Parallel and Distributed},
year = {2018},
isbn = {9783319732350},
publisher = {Springer Cham},
numpages = {471},
doi = {10.1007/978-3-319-73235-0}
}

@book{Deisenroth2020,
  author = {Deisenroth, Marc Peter and Faisal, A. Aldo and Ong, Cheng Soon},
  biburl = {https://www.bibsonomy.org/bibtex/271e556439bb49b11e015aa4c0d9cb785/lopusz_kdd},
  description = {Mathematics for Machine Learning: Marc Peter Deisenroth, A. Aldo Faisal, Cheng Soon Ong: 9781108455145: Amazon.com: Books},
  interhash = {876f4a593e888f3257674a89d7456f25},
  intrahash = {71e556439bb49b11e015aa4c0d9cb785},
  keywords = {general_machine_learning},
  publisher = {Cambridge University Press},
  timestamp = {2019-10-12T23:43:51.000+0200},
  title = {Mathematics for Machine Learning},
  year = 2020
}

@inproceedings{Yang11,
author = {Li, Yang and Zhou, Aimin and Zhang, Guixu},
year = {2011},
month = {07},
pages = {1565-1569},
title = {Simulated annealing with probabilistic neighborhood for traveling salesman problems},
volume = {3},
journal = {Proceedings - 2011 7th International Conference on Natural Computation, ICNC 2011},
doi = {10.1109/ICNC.2011.6022345}
}


